@ARTICLE{Kihara2003,
  AUTHOR = {Kihara, K. and Isono, H. and Yamabe, H. and Sugibayashi, T.},
  JOURNAL = {International Journal of Adhesion and Adhesives},
  NUMBER = {4},
  PAGES = {253-259},
  TITLE = {A study and evaluation of the shear strength of adhesive layers subjected to impact loads},
  VOLUME = {23},
  YEAR = {2003},
}

@ARTICLE{Kadioglu2014,
  AUTHOR = {Kadioglu, F. and Adams, R.D.},
  JOURNAL = {International Journal of Adhesion and Adhesives},
  PAGES = {73-78},
  TITLE = {Flexible adhesives for automotive application under impact loading},
  VOLUME = {56},
  YEAR = {2014},
}

@ARTICLE{Liao2011,
  AUTHOR = {Liao, L. and Kobayashi, T. and Sawa, T. and Goda, Y.},
  JOURNAL = {International Journal of Adhesion and Adhesives},
  NUMBER = {7},
  PAGES = {612-619},
  TITLE = {3-D FEM stress analysis and strength evaluation of single-lap adhesive joints subjected to impact tensile loads},
  VOLUME = {31},
  YEAR = {2011},
}

@ARTICLE{Vaidya2006,
  AUTHOR = {Vaidya, U.K. and Gautam, A.R.S. and Hosur, M. and Dutta, P.},
  JOURNAL = {International Journal of Adhesion and Adhesives},
  NUMBER = {3},
  PAGES = {184-198},
  TITLE = {Experimental-numerical studies of transverse impact response of adhesively bonded lap joints in composite structures},
  VOLUME = {26},
  YEAR = {2006},
}

@ARTICLE{Hou2008,
  AUTHOR = {Hou, S. and Li, Q. and Long, S. and Yang, X.a and Li, W.},
  JOURNAL = {International Journal of Impact Engineering},
  NUMBER = {11},
  PAGES = {1355-1367},
  TITLE = {Multiobjective optimization of multi-cell sections for the crashworthiness design},
  VOLUME = {35},
  YEAR = {2008},
}

@ARTICLE{Wu2006,
  AUTHOR = {Wu, C.-Y. and Li, L.-Y. and Thornton, C.},
  JOURNAL = {International Journal of Impact Engineering},
  NUMBER = {1-4},
  PAGES = {593-604},
  TITLE = {Energy dissipation during normal impact of elastic and elastic-plastic spheres},
  VOLUME = {32},
  YEAR = {2006},
}

@ARTICLE{Sato2000,
  AUTHOR = {Sato, C. and Ikegami, K.},
  JOURNAL = {International Journal of Adhesion and Adhesives},
  NUMBER = {1},
  PAGES = {17-25},
  TITLE = {Dynamic deformation of lap joints and scarf joints under impact loads},
  VOLUME = {20},
  YEAR = {2000},
}

@ARTICLE{Grant2009,
  AUTHOR = {Grant, L.D.R. and Adams, R.D. and da Silva, L.F.M.},
  JOURNAL = {International Journal of Adhesion and Adhesives},
  NUMBER = {4},
  PAGES = {405-413},
  TITLE = {Experimental and numerical analysis of single-lap joints for the automotive industry},
  VOLUME = {29},
  YEAR = {2009},
}

@ARTICLE{Goglio2008,
  AUTHOR = {Goglio, L. and Rossetto, M.},
  JOURNAL = {International Journal of Impact Engineering},
  NUMBER = {7},
  PAGES = {635-643},
  TITLE = {Impact rupture of structural adhesive joints under different stress combinations},
  VOLUME = {35},
  YEAR = {2008},
}

@ARTICLE{Peroni2009,
  AUTHOR = {Peroni, L. and Avalle, M. and Belingardi, G.},
  JOURNAL = {International Journal of Impact Engineering},
  NUMBER = {3},
  PAGES = {498-511},
  TITLE = {Comparison of the energy absorption capability of crash boxes assembled by spot-weld and continuous joining techniques},
  VOLUME = {36},
  YEAR = {2009},
}

@ARTICLE{Wu2013,
  AUTHOR = {Wu, W.a and Liu, Q.a and Zong, Z.a and Sun, G.b and Li, Q.c},
  JOURNAL = {Composite Structures},
  PAGES = {581-589},
  TITLE = {Experimental investigation into transverse crashworthiness of CFRP adhesively bonded joints in vehicle structure},
  VOLUME = {106},
  YEAR = {2013},
}

@ARTICLE{Loureiro2010,
  AUTHOR = {Loureiro, A.L. and Da Silva, L.F.M. and Sato, C. and Figueiredo, M.A.V.},
  JOURNAL = {Journal of Adhesion},
  NUMBER = {7},
  PAGES = {765-787},
  TITLE = {Comparison of the mechanical behaviour between stiff and flexible adhesive joints for the automotive industry},
  VOLUME = {86},
  YEAR = {2010},
}

@ARTICLE{Lee2006,
  AUTHOR = {Lee, M.-H. and Kim, H.-Y. and Oh, S.-I.},
  JOURNAL = {Thin-Walled Structures},
  NUMBER = {4},
  PAGES = {381-386},
  TITLE = {Crushing test of double hat-shaped members of dissimilar materials with adhesively bonded and self-piercing riveted joining methods},
  VOLUME = {44},
  YEAR = {2006},
}

@ARTICLE{Greve2007,
  AUTHOR = {Greve, L. and Andrieux, F.},
  JOURNAL = {International Journal of Fracture},
  NUMBER = {2},
  PAGES = {143-160},
  TITLE = {Deformation and failure modelling of high strength adhesives for crash simulation},
  VOLUME = {143},
  YEAR = {2007},
}

@ARTICLE{Hazimeh2014,
  AUTHOR = {Hazimeh, R. and Challita, G. and Khalil, K. and Othman, R.},
  JOURNAL = {International Journal of Adhesion and Adhesives},
  PAGES = {24-31},
  TITLE = {Finite element analysis of adhesively bonded composite joints subjected to impact loadings},
  VOLUME = {56},
  YEAR = {2014},
}

@ARTICLE{SernaMoreno2015,
  AUTHOR = {Serna Moreno, M.C. and L\'{o}pez Cela, J.J. and Mart\'{\i{}}nez Vicente, J.L. and Gonz\'{a}lez Vecino, J.A.},
  JOURNAL = {Applied Mathematical Modelling},
  NUMBER = {12},
  PAGES = {3496-3505},
  TITLE = {Adhesively bonded joints as a dissipative energy mechanism under impact loading},
  VOLUME = {39},
  YEAR = {2015},
}

@ARTICLE{Yang2012,
  AUTHOR = {Yang, X. and Xia, Y. and Zhou, Q. and Wang, P.-C. and Wang, K.},
  JOURNAL = {International Journal of Adhesion and Adhesives},
  PAGES = {21-32},
  TITLE = {Modeling of high strength steel joints bonded with toughened adhesive for vehicle crash simulations},
  VOLUME = {39},
  YEAR = {2012},
}

@ARTICLE{Sadowski2010,
  AUTHOR = {Sadowski, T. and Kne\'{c}, M. and Golewski, P.},
  JOURNAL = {International Journal of Adhesion and Adhesives},
  NUMBER = {5},
  PAGES = {338-346},
  TITLE = {Experimental investigations and numerical modelling of steel adhesive joints reinforced by rivets},
  VOLUME = {30},
  YEAR = {2010},
}

@ARTICLE{Sadowski2011,
  AUTHOR = {Sadowski, T. and Golewski, P. and Zarzeka-Raczkowska, E.},
  JOURNAL = {Computational Materials Science},
  NUMBER = {4},
  PAGES = {1256-1262},
  TITLE = {Damage and failure processes of hybrid joints: Adhesive bonded aluminium plates reinforced by rivets},
  VOLUME = {50},
  YEAR = {2011},
}

@ARTICLE{Alfano2001,
  AUTHOR = {Alfano, G. and Crisfield, M.A.},
  JOURNAL = {International Journal for Numerical Methods in Engineering},
  NUMBER = {7},
  PAGES = {1701-1736},
  TITLE = {Finite element interface models for the delamination analysis of laminated composites: Mechanical and computational issues},
  VOLUME = {50},
  YEAR = {2001},
}

@ARTICLE{Scattina2011,
  AUTHOR = {Scattina, A. and Peroni, L. and Peroni, M. and Avalle, M.},
  JOURNAL = {Journal of Adhesion Science and Technology},
  NUMBER = {18},
  PAGES = {2409-2433},
  TITLE = {Numerical analysis of hybrid joining in car body applications},
  VOLUME = {25},
  YEAR = {2011},
}

@ARTICLE{Sadowski2014,
  AUTHOR = {Sadowski, T. and Kne\'{c}, M. and Golewski, P.},
  JOURNAL = {Journal of Adhesion},
  NUMBER = {4},
  PAGES = {346-364},
  TITLE = {Spot welding-adhesive Joints: Modelling and testing},
  VOLUME = {90},
  YEAR = {2014},
}

@ARTICLE{Alvarez2014,
  AUTHOR = {\'{A}lvarez, D. and Blackman, B.R.K. and Guild, F.J. and Kinloch, A.J.},
  JOURNAL = {Engineering Fracture Mechanics},
  PAGES = {73-95},
  TITLE = {Mode I fracture in adhesively-bonded joints: A mesh-size independent modelling approach using cohesive elements},
  VOLUME = {115},
  YEAR = {2014},
}

@ARTICLE{Carlberger2007,
  AUTHOR = {Carlberger, T. and Stigh, U.},
  JOURNAL = {Engineering Fracture Mechanics},
  NUMBER = {14},
  PAGES = {2247-2262},
  TITLE = {An explicit FE-model of impact fracture in an adhesive joint},
  VOLUME = {74},
  YEAR = {2007},
}

@ARTICLE{Ghasemnejad2013,
  AUTHOR = {Ghasemnejad, H. and Argentiero, Y. and Tez, T.A. and Barrington, P.E.},
  JOURNAL = {Materials and Design},
  PAGES = {552-560},
  TITLE = {Impact damage response of natural stitched single lap-joint in composite structures},
  VOLUME = {51},
  YEAR = {2013},
}

@ARTICLE{May2014,
  AUTHOR = {May, M. and Vo\ss{}, H. and Hiermaier, S.},
  JOURNAL = {International Journal of Adhesion and Adhesives},
  PAGES = {7-17},
  TITLE = {Predictive modeling of damage and failure in adhesively bonded metallic joints using cohesive interface elements},
  VOLUME = {49},
  YEAR = {2014},
}

@ARTICLE{Yamashita2013,
  AUTHOR = {Yamashita, M. and Kenmotsu, H. and Hattori, T.},
  JOURNAL = {Thin-Walled Structures},
  PAGES = {45-53},
  TITLE = {Dynamic crush behavior of adhesive-bonded aluminum tubular structure - Experiment and numerical simulation},
  VOLUME = {69},
  YEAR = {2013},
}

@ARTICLE{Abedrabbo2009,
  AUTHOR = {Abedrabbo, N. and Mayer, R. and Thompson, A. and Salisbury, C. and Worswick, M. and van Riemsdijk, I.},
  JOURNAL = {International Journal of Impact Engineering},
  NUMBER = {8},
  PAGES = {1044-1057},
  TITLE = {Crash response of advanced high-strength steel tubes: Experiment and model},
  VOLUME = {36},
  YEAR = {2009},
}

@ARTICLE{Moes1999,
  AUTHOR = {Mo\"{e}s, N. and Dolbow, J. and Belytschko, T.},
  JOURNAL = {International Journal for Numerical Methods in Engineering},
  NUMBER = {1},
  PAGES = {131-150},
  TITLE = {A finite element method for crack growth without remeshing},
  VOLUME = {46},
  YEAR = {1999},
}

@ARTICLE{Raykhere2010,
  AUTHOR = {Raykhere, S.L. and Kumar, P. and Singh, R.K. and Parameswaran, V.},
  JOURNAL = {Materials and Design},
  NUMBER = {4},
  PAGES = {2102-2109},
  TITLE = {Dynamic shear strength of adhesive joints made of metallic and composite adherents},
  VOLUME = {31},
  YEAR = {2010},
}

@MANUAL{Abaqus613Manual,
  ORGANIZATION = {Dassault Syst\`{e}mes},
  TITLE = {Abaqus 6.13 User's Manual},
  YEAR = {2013},
}

@MANUAL{manufCatalog,
  MONTH = {October},
  ORGANIZATION = {Loctite},
  TITLE = {Loctite EA 9514 technical data sheet},
  YEAR = {2014},
}

@MISC{pistonudos,
  AUTHOR = {Javier Costas},
  DAY = {5},
  MONTH = {November},
  TITLE = {Los gases CO2 y NOx son como las churras y las merinas},
  YEAR = {2015},
}

@TECHREPORT{superyacht,
  AUTHOR = {Jones, Tony},
  INSTITUTION = {Superyacht Business},
  MONTH = {June},
  TITLE = {Modern adhesives in the marine industry},
  YEAR = {2014},
}

@PHDTHESIS{phdCostas,
  AUTHOR = {Costas, M.},
  SCHOOL = {Universidade da Coru\~{n}a},
  TITLE = {Crashworthiness analysis and design optimization of hybrid impact energy absorbers},
  YEAR = {2016},
}

@MISC{audiA8,
  HOWPUBLISHED = {\url{www.boronextrication.com/2010/04/29/2010-audi-a8-uk-body-structure/}},
  TITLE = {Image of the body-in-white of an Audi A8, 2011 version},
}

@MISC{audi,
  HOWPUBLISHED = {\url{www.audi-mediacenter.com/en/photos/detail/audi-ultra-lightweight-construction-9223}},
  TITLE = {Detail of the body-in-white of an Audi A8, 2011 version},
}

@MISC{wiki_fracture_modes,
  HOWPUBLISHED = {\url{https://upload.wikimedia.org/wikipedia/commons/thumb/e/e7/Fracture_modes_v2.svg/2000px-Fracture_modes_v2.svg.png}},
  TITLE = {Fracture crack separation modes},
}

@BOOK{Huang,
  ADDRESS = {Boca Rat\'{o}n},
  AUTHOR = {Matthew Huang},
  PUBLISHER = {CRC Press},
  TITLE = {Vehicle crash mechanics},
  YEAR = {2002},
}

@MISC{Hale,
  AUTHOR = {Steven Hale},
  DAY = {17},
  HOWPUBLISHED = {\url{https://caeai.com/blog/what-mass-scaling-and-when-it-appropriate-explicit-dynamics-analysis}},
  MONTH = {October},
  TITLE = {What is mass scaling and when is it appropriate in explicit dynamics analysis?},
  YEAR = {2014},
}

@ARTICLE{JDiaz,
  AUTHOR = {D\'{\i{}}az, J. and Pereira, F. and Romera, L.E. and Hern\'{a}ndez, S.},
  DATE = {2012},
  JOURNALTITLE = {International Journal of Adhesion and Adhesives},
  TITLE = {Probabilistic assessment of the structural failure of single-lap bonded joints},
}

@ARTICLE{Costas2013,
  AUTHOR = {Costas, M. and D\'{\i{}}az, J. and Romera, L.E. and Hern\'{a}ndez, S. and Tielas, A.},
  DATE = {2013},
  JOURNALTITLE = {International Journal of Impact Engineering},
  TITLE = {Static and dynamic axial crushing analysis of car frontal impact hybrid absorbers},
}

@ARTICLE{Costas2014,
  AUTHOR = {Costas, M. and D\'{\i{}}az, J. and Romera, L.E. and Hern\'{a}ndez, S.},
  DATE = {2014},
  JOURNALTITLE = {International Journal of Mechanical Sciences},
  TITLE = {A multi-objective surrogate-based optimization of the crashworthiness of a hybrid impact absorber},
}

@TECHREPORT{dakota,
  AUTHOR = {Adams, B.M. and Bauman, L.E. and Bohnhoff, W.J. and Dalbey, K.R. and Ebeida, M.S. and Eddy, J.P. and Eldred, M.S. and Hough, P.D. and Hu, K.T. and Jakeman, J.D. and Stephens, J.A. and Swiler, L.P. and Vigil, D.M. and Wildey, T.M.},
  INSTITUTION = {Sandia National Laboratories},
  TITLE = {Dakota, A Multilevel Parallel Object-Oriented Framework for Design Optimization, Parameter Estimation, Uncertainty Quantification, and Sensitivity Analysis},
  YEAR = {2014},
}

@MISC{Langseth,
  AUTHOR = {Langseth, M.},
  DATE = {2005},
  LOCATION = {Trondheim (Norway)},
  ORGANIZATION = {Structural impact laboratory, NTNU},
  TITLE = {Lecture notes on impact dynamics},
}

@ARTICLE{diaz2010benchmarking,
  AUTHOR = {D\'{\i{}}az, J and Romera, L and Hern\'{a}ndez, S and Baldomir, A},
  JOURNAL = {International Journal of Adhesion and Adhesives},
  NUMBER = {3},
  PAGES = {178--189},
  PUBLISHER = {Elsevier},
  TITLE = {Benchmarking of three-dimensional finite element models of CFRP single-lap bonded joints},
  VOLUME = {30},
  YEAR = {2010},
}

