@BOOK{brebbia84,
  ADDRESS = {Berlin and New York},
  AUTHOR = {C. A. Brebbia and J. C. F. Telles and L. C. Wrobel},
  PAGES = {11--13},
  PUBLISHER = {Springer-Verlag},
  TITLE = {Boundary Element Techniques},
  YEAR = {1984},
}

@ARTICLE{bratanow85,
  AUTHOR = {T. Bratanow and G. {D}e Grande},
  JOURNAL = {Engineering Analysis},
  NUMBER = {2},
  PAGES = {20--25},
  TITLE = {Numerical analysis of normal stress in non-{N}ewtonian boundary layer flow},
  VOLUME = {6},
  YEAR = {1985},
}

@INCOLLECTION{nardini85,
  ADDRESS = {Berlin and New York},
  AUTHOR = {D. Nardini and C. A. Brebbia},
  BOOKTITLE = {Topics in Boundary Elements Research},
  EDITOR = {C. A. Brebbia},
  PAGES = {191--207},
  PUBLISHER = {Springer-Verlag},
  TITLE = {Boundary element integral formulation of mass matrices for dynamic analysis ({C}hapter 7)},
  YEAR = {1985},
}

@BOOK{brebbia93,
  ADDRESS = {Southampton and Boston},
  EDITOR = {C. A. Brebbia and M. H. Aliabadi},
  PUBLISHER = {Computational Mechanics Publications},
  TITLE = {Industrial Applications of the Boundary Element Method},
  YEAR = {1993},
}

@INPROCEEDINGS{funke84,
  ADDRESS = {Amsterdam},
  AUTHOR = {E. R. Funke},
  BOOKTITLE = {Proc. of the 1\textsuperscript{st} Int. Conf. On Hydraulic Engineering Software},
  EDITOR = {C. A. Brebbia and C. Maksimovic and M. Radojkowic},
  PAGES = {1--26},
  PUBLISHER = {Elsevier},
  TITLE = {Laboratory experimental studies controlled by mini and micro-computers},
  YEAR = {1984},
}

