@PHDTHESIS{tesis_mcostas,
    Author = {Costas, M.},
    Owner = {mcostas},
    School = {{GME - Group of Structural Mechanics, Universidade da Coru\~na}},
    Title = {{Crashworthiness analysis and design optimization of hybrid impact energy absorbers}},
    Year = {2016}
}

@ARTICLE{Paz:2014dw,
  AUTHOR  = {Paz, J and D\'iaz, J and Romera, L and Costas, M},
  JOURNAL = {Finite Elements in Analysis and Design},
  MONTH   = {11},
  PAGES   = {30--39},
  TITLE   = {{Crushing analysis and multi-objective crashworthiness optimization of {GFRP} honeycomb-filled energy absorption devices}},
  VOLUME  = {91},
  YEAR    = {2014},
}

@ARTICLE{Friedman1995197,
author={Friedman, J.H. and Roosen, C.B.},
title={An introduction to multivariate adaptive regression splines.},
journal={Statistical methods in medical research},
year={1995},
volume={4},
number={3},
pages={197-217},
document_type={Article},
source={Scopus},
}

@article{JEGA,
  Author = {Eddy, J. E. and Lewis, K.},
  Document_Type = {Article},
  Journal = {Proceedings of ASME Design Engineering Technical Conference},
  Title = {Effective Generation of Pareto Sets using Genetic Programming},
  Year = {2001}}

@BOOK{Huanglibro,
  title = {Vehicle Crash Mechanics},
  publisher = {CRC Press},
  year = {2002},
  author = {Huang, M.},
  owner = {mcostas},
  timestamp = {2013.07.29}
}

@techreport{J211,
  title = {{SAE Standard J211: Instrumentation for Impact Test}},
  organization = {Society of Automotive Engineers},
  institution = {Safety Test Instrumentation},
  year = {1995}
}

@ARTICLE{Hou2007555,
author={Hou, S. and Li, Q. and Long, S. and Yang, X. and Li, W.},
title={Design optimization of regular hexagonal thin-walled columns with crashworthiness criteria},
journal={Finite Elements in Analysis and Design},
year={2007},
volume={43},
number={6-7},
pages={555-565},
document_type={Article},
source={Scopus},
}


@ARTICLE{Peroni2009,
  AUTHOR = {Peroni, L. and Avalle, M. and Belingardi, G.},
  JOURNAL = {International Journal of Impact Engineering},
  NUMBER = {3},
  PAGES = {498-511},
  TITLE = {Comparison of the energy absorption capability of crash boxes assembled by spot-weld and continuous joining techniques},
  VOLUME = {36},
  YEAR = {2009},
}

@ARTICLE{Loureiro2010,
  AUTHOR = {Loureiro, A.L. and Da Silva, L.F.M. and Sato, C. and Figueiredo, M.A.V.},
  JOURNAL = {Journal of Adhesion},
  NUMBER = {7},
  PAGES = {765-787},
  TITLE = {Comparison of the mechanical behaviour between stiff and flexible adhesive joints for the automotive industry},
  VOLUME = {86},
  YEAR = {2010},
}

@ARTICLE{Greve2007,
  AUTHOR = {Greve, L. and Andrieux, F.},
  JOURNAL = {International Journal of Fracture},
  NUMBER = {2},
  PAGES = {143-160},
  TITLE = {Deformation and failure modelling of high strength adhesives for crash simulation},
  VOLUME = {143},
  YEAR = {2007},
}

@ARTICLE{SernaMoreno2015,
  AUTHOR = {Serna Moreno, M.C. and L\'{o}pez Cela, J.J. and Mart\'inez Vicente, J.L. and Gonz\'{a}lez Vecino, J.A.},
  JOURNAL = {Applied Mathematical Modelling},
  NUMBER = {12},
  PAGES = {3496-3505},
  TITLE = {Adhesively bonded joints as a dissipative energy mechanism under impact loading},
  VOLUME = {39},
  YEAR = {2015},
}

@ARTICLE{Sadowski2010,
  AUTHOR = {Sadowski, T. and Kne\'{c}, M. and Golewski, P.},
  JOURNAL = {International Journal of Adhesion and Adhesives},
  NUMBER = {5},
  PAGES = {338-346},
  TITLE = {Experimental investigations and numerical modelling of steel adhesive joints reinforced by rivets},
  VOLUME = {30},
  YEAR = {2010},
}

@ARTICLE{Sadowski2011,
  AUTHOR = {Sadowski, T. and Golewski, P. and Zarzeka-Raczkowska, E.},
  JOURNAL = {Computational Materials Science},
  NUMBER = {4},
  PAGES = {1256-1262},
  TITLE = {Damage and failure processes of hybrid joints: Adhesive bonded aluminium plates reinforced by rivets},
  VOLUME = {50},
  YEAR = {2011},
}

@ARTICLE{Scattina2011,
  AUTHOR = {Scattina, A. and Peroni, L. and Peroni, M. and Avalle, M.},
  JOURNAL = {Journal of Adhesion Science and Technology},
  NUMBER = {18},
  PAGES = {2409-2433},
  TITLE = {Numerical analysis of hybrid joining in car body applications},
  VOLUME = {25},
  YEAR = {2011},
}

@ARTICLE{Sadowski2014,
  AUTHOR = {Sadowski, T. and Kne\'{c}, M. and Golewski, P.},
  JOURNAL = {Journal of Adhesion},
  NUMBER = {4},
  PAGES = {346-364},
  TITLE = {Spot welding-adhesive Joints: Modelling and testing},
  VOLUME = {90},
  YEAR = {2014},
}

@MANUAL{Abaqus613Manual,
  ORGANIZATION = {Dassault Syst\`{e}mes},
  TITLE = {Abaqus 6.13 User's Manual},
  YEAR = {2013},
}

@MANUAL{manufCatalog,
  MONTH = {October},
  ORGANIZATION = {Loctite},
  TITLE = {Loctite EA 9514 technical data sheet},
  YEAR = {2014},
}

@PHDTHESIS{phdCostas,
  AUTHOR = {Costas, M.},
  SCHOOL = {Universidade da Coru\~{n}a},
  TITLE = {Crashworthiness analysis and design optimization of hybrid impact energy absorbers},
  YEAR = {2016},
}



@BOOK{Huang,
  ADDRESS = {Boca Rat\'{o}n},
  AUTHOR = {Matthew Huang},
  PUBLISHER = {CRC Press},
  TITLE = {Vehicle crash mechanics},
  YEAR = {2002},
}


